@book{erl2008soa,
	author = {T. Erl and Safari Tech Books Online (Online service)},
	publisher = {Prentice Hall},
	title = {Soa: principles of service design},
	year = {2008}
}

@book{davis2009open,
	author = {J. Davis and Safari Tech Books Online},
	publisher = {Manning},
	title = {Open source SOA},
	volume = {8},
	year = {2009}
}

@misc{imb2007soa,
	author = {Boris Lublinsky},
	note = {\url{http://www.ibm.com/developerworks/library/ar-soastyle}. {{\'U}ltimo acesso em Setembro/2010}},
	title = {Defining SOA as an architectural style},
	url = {http://www.ibm.com/developerworks/library/ar-soastyle},
	year = {2007}
}

@misc{hall2010osgi,
	author = {R.S. Hall and D. Savage},
	publisher = {Manning Publications Co},
	title = {Osgi in action},
	year = {2010}
}

@article{alliance2007osgi,
	author = {O.S.G. Alliance},
	journal = {OSGi Specification},
	title = {OSGi Service Platform, Core Specification, Release 4, Version 4.1},
	year = {2007}
}

